@online{leifi,
  author = {Leifi Physik},
  title = {Rutherford-Experiment},
  urldate = {2019-06-06},
  url = "https://www.leifiphysik.de/atomphysik/klassische-atommodelle/versuche/rutherford-experiment"
  }

@online{Wiki-Proton,
  author = {Wikipedia},
  title = {Proton},
  urldate = {2019-06-06},
  url = "https://en.wikipedia.org/wiki/Proton"
  }

@online{TP,
  author = {Johannes Erdmann},
  title = {Protonstruktur},
  urldate = {2019-06-06},
  url = "https://moodle.tu-dortmund.de/pluginfile.php/830891/mod_resource/content/1/chapter6_JE_ProtonStruktur.pdf"
  }

@online{KET,
  author = {Kevin Kröninger},
  title = {Einführung in die Kern- und
          Elementarteilchenphysik},
  subtitle = {Vorlesung 2},
  urldate = {2019-06-06},
  url = "https://moodle.tu-dortmund.de/pluginfile.php/799742/mod_resource/content/1/Folien_2018.10.12.pdf"
  }
 
@online{SLAC,
  author = {Vinod Kumar Bharadwaj},
  title = {},
  urldate = {2019-06-06},
  url = "https://portal.slac.stanford.edu/sites/ard_public/ard_students/lcschool/PublishingImages/Forms/AllItems.aspx?SortField=Editor&SortDir=Asc&View=%7B25D42671-029C-4E7A-A514-0ACFF9A380DB%7D"
  }


@online{Wiki-Zeus,
  author = {Wikipedia},
  title = {ZEUS (particle detector)},
  urldate = {2019-06-06},
  url = " https://en.wikipedia.org/wiki/ZEUS_(particle_detector)"
  }

@online{Wiki-H1,
  author = {Wikipedia},
  title = {H1 (particle detector)},
  urldate = {2019-06-06},
  url = " https://en.wikipedia.org/wiki/H1_(particle_detector)"
  }

@article{Paper-TP,
  author = {B. Foster et al},
  title = {Structure Functions},
  journal = {Particle Data Group, Chin. Phys.},
  volume  = {C 40},
  year = 2016
  }

 @online{DESY-H1,
  author = {DESY},
  title = {The H1 experiment at HERA},
  urldate = {2019-06-06},
  url = " https://h1.desy.de/"
  }

 @online{DESY-ZEUS,
  author = {DESY},
  title = {The ZEUS Detector},
  urldate = {2019-06-06},
  url = " https://www-zeus.desy.de/public/zeus.php3"
  }
  
  @online{DESY-TALK,
  author = {Katerina Lipka},
  title = {Proton Structure Measurementsat HERA},
  urldate = {2019-06-06},
  url = " http://www.desy.de/~knegod/HGF/talks/katerina/Lipka_Seminar_Bonn.pdf"
  }

  @online{Libre,
  author = {PHYSICS LibreTexts},
  title = {Main Experimental Facilities},
  urldate = {2019-06-06},
  url = "https://phys.libretexts.org/Bookshelves/Particle_Physics/Book%3A_Nuclear_and_Particle_Physics_(Walet)/3%3A__Experimental_Tools/3.3%3A_Main_Experimental_Facilities"
  }

  @online{Courier,
  author = {CERNCOURIER},
  title = {The proton laid bare},
  urldate = {2019-06-06},
  url = "https://cerncourier.com/the-proton-laid-bare/"
  }


  @book{Thomson,
    title = "Modern Particle Physics",
    author = "Mark Thomson",
    edition = "4",
    year = "2015",
    publisher = "Cambridge University Press",
    }

  @book{Halzen,
    title = "Quark and Leptons:",
    subtitle = "An Intructory Course in Modern Particle Physics",
    author = "Francis Halzen, Alan D. Martin",
    edition = "1",
    year = "1984",
    publisher = "Wiley",
    }